@article{Cousin2006,
author = {Cousin, Glynis and Academy, Higher Education},
number = {17},
title = {{Section 1 : Introduction to threshold concepts An introduction to threshold concepts}},
year = {2006}
}
@book{Barell2007b,
author = {Barell, John F.},
pages = {192},
publisher = {Corwin Press},
title = {{Problem-Based Learning: An Inquiry Approach}},
url = {http://www.amazon.co.uk/Problem-Based-Learning-An-Inquiry-Approach/dp/141295004X},
year = {2007}
}
@book{Barell2007a,
author = {Barell, John F.},
pages = {192},
publisher = {Corwin Press},
title = {{Problem-Based Learning: An Inquiry Approach}},
url = {http://www.amazon.co.uk/Problem-Based-Learning-An-Inquiry-Approach/dp/141295004X},
year = {2007}
}
@book{Schwartz2001b,
author = {Schwartz, Peter},
pages = {196},
publisher = {Routledge},
title = {{Problem-based Learning: Case Studies, Experience and Practice (Case Studies of Teaching in Higher Education)}},
url = {http://www.amazon.co.uk/Problem-based-Learning-Experience-Practice-Education/dp/0749434929},
year = {2001}
}
@article{Dunlosky2013,
author = {Dunlosky, J. and Rawson, K. a. and Marsh, E. J. and Nathan, M. J. and Willingham, D. T.},
doi = {10.1177/1529100612453266},
file = {:Users/Work\_Imac/Dropbox/Literature/Dunlosky et al. - 2013 - Improving Students' Learning With Effective Learning Techniques Promising Directions From Cognitive and Educational Psychology.pdf:pdf},
issn = {1529-1006},
journal = {Psychological Science in the Public Interest},
month = jan,
number = {1},
pages = {4--58},
title = {{Improving Students' Learning With Effective Learning Techniques: Promising Directions From Cognitive and Educational Psychology}},
url = {http://psi.sagepub.com/lookup/doi/10.1177/1529100612453266},
volume = {14},
year = {2013}
}
@article{Lejk1996a,
abstract = {Abstract This paper surveys the different methods of assessing groups of students which have been reported in the literature and describes some novel methods which have been used at the University of Sunderland. It relates the work of Schechtman to peer assessment in a group setting, discusses some observations on self?assessment and raises some questions for debate and future research.
Abstract This paper surveys the different methods of assessing groups of students which have been reported in the literature and describes some novel methods which have been used at the University of Sunderland. It relates the work of Schechtman to peer assessment in a group setting, discusses some observations on self?assessment and raises some questions for debate and future research.},
author = {Lejk, Mark and Wyvill, Michael and Farrow, Stephen},
issn = {0260-2938},
journal = {Assessment \& Evaluation in Higher Education},
month = sep,
number = {3},
pages = {267--280},
publisher = {Routledge},
title = {{A Survey of Methods of Deriving Individual Grades from Group Assessments}},
url = {http://dx.doi.org/10.1080/0260293960210306},
volume = {21},
year = {1996}
}
@article{Junco2011,
author = {Junco, R. and Heiberger, G. and Loken, E.},
doi = {10.1111/j.1365-2729.2010.00387.x},
file = {::},
issn = {02664909},
journal = {Journal of Computer Assisted Learning},
month = apr,
number = {2},
pages = {119--132},
title = {{The effect of Twitter on college student engagement and grades}},
url = {http://doi.wiley.com/10.1111/j.1365-2729.2010.00387.x},
volume = {27},
year = {2011}
}
@techreport{Sharples2012,
author = {Sharples, Mike and Mcandrew, Patrick and Weller, Martin and Ferguson, Rebecca and Fitzgerald, Elizabeth and Hirst, Tony and Mor, Yishay and Gaved, Mark},
file = {::},
isbn = {9781780074894},
title = {{Innovating Pedagogy 2012}},
year = {2012}
}
@article{Horstmanshof,
author = {Horstmanshof, Louise and Brownie, Sonya},
file = {::},
number = {January 2013},
pages = {37--41},
title = {{A scaffolded approach to Discussion Board use for formative assessment of academic writing skills}},
url = {http://www.tandfonline.com/doi/abs/10.1080/02602938.2011.604121},
year = {2011}
}
@article{Wilkinson2011,
author = {Wilkinson, Susan C},
file = {::},
journal = {Journal of Learning Development in Higher Education},
keywords = {a degree rapidly rising,and so institutions have,been,collaborative learning,constructivism,created funding issues and,decades the demand for,exponentially,higher education has increased,input costs related to,output,over the past few,the population who attain,this has inevitably,virtual learning environment,with the percentage of},
number = {3},
title = {{Using socially constructed technology to enhance learning in higher education}},
year = {2011}
}
@inproceedings{Gannod2012,
author = {Gannod, Gerald C and Bachman, Kristen M},
booktitle = {119th ASEE Annual Conference and Exposition},
file = {::},
title = {{A Characterization of Social Networks for Effective Communication and Collaboration in Computing Education}},
year = {2012}
}
@article{Mccombs2007,
author = {Mccombs, Shawn},
file = {::},
keywords = {ipod,mobile education,mp3,player,podcast,podcasting technology},
pages = {123--134},
title = {{The Efficacy of Podcasting Technology in Instructional Delivery}},
volume = {3},
year = {2007}
}
@phdthesis{JeremyF.Strayer2007,
author = {{Jeremy F. Strayer}},
file = {::},
title = {{The effects of the classroom flip on the learning environment: a comparison of learning activity in a traditional classroom and a flip classroom that used an intelligent tutoring system}},
year = {2007}
}
@book{Skinner1961a,
author = {Skinner, B. F. (Burrhus Frederic)},
publisher = {Freeman},
title = {{Teaching machines}},
url = {http://www.amazon.co.uk/Teaching-machines-Burrhus-Frederic-Skinner/dp/B0007H9W7S},
year = {1961}
}
@book{Pavlov2003a,
author = {Pavlov, I.P.},
pages = {448},
publisher = {Dover Publications Inc.},
title = {{Conditioned Reflexes: An Investigation of the Physiological Activity of the Cerebral Cortex}},
url = {http://www.amazon.co.uk/Conditioned-Reflexes-Investigation-Physiological-Activity/dp/0486430936},
year = {2003}
}
@book{Vygotsky1978a,
author = {Vygotsky, Ls},
pages = {174},
publisher = {Harvard University Press},
title = {{Mind in Society: Development of Higher Psychological Processes}},
url = {http://www.amazon.co.uk/Mind-Society-Development-Psychological-Processes/dp/0674576292},
year = {1978}
}
@book{Aristotlea,
author = {Aristotle},
publisher = {null},
title = {{Politics: A Treatise on Government}},
url = {http://www.amazon.co.uk/Politics-A-Treatise-Government-ebook/dp/B0082XHJEC}
}
@techreport{Shorser1999,
author = {Shorser, Lindsey},
file = {::},
pages = {1--2},
title = {{Bloom's Taxonomy Interpreted for Mathematics}},
year = {1999}
}
@book{Bloom1969a,
author = {Bloom, Benjaman S.},
publisher = {Longman Group United Kingdom},
title = {{Taxonomy of Educational Objectives: The Classification of Educational Goals.}},
url = {http://www.amazon.co.uk/Taxonomy-Educational-Objectives-Classification-Goals/dp/0679302115},
year = {1969}
}
@book{Platoa,
author = {Plato},
file = {::},
publisher = {null},
title = {{The Republic}},
url = {http://www.amazon.co.uk/The-Republic-ebook/dp/B0082SV87G}
}
@book{Kember2007a,
author = {Kember, David and McNaught, Carmel},
pages = {176},
publisher = {Routledge},
title = {{Enhancing University Teaching: Lessons from Research into Award-Winning Teachers}},
url = {http://www.amazon.co.uk/Enhancing-University-Teaching-Research-Award-Winning/dp/0415420253},
year = {2007}
}
@book{Jordan2008a,
author = {Jordan, Anne and Carlile, Orison and Stack, Annetta},
pages = {296},
publisher = {Open University Press},
title = {{Approaches to Learning: A Guide for Educators}},
url = {http://www.amazon.co.uk/Approaches-Learning-A-Guide-Educators/dp/0335226701},
year = {2008}
}
@article{Bates,
author = {Bates, Prof Simon and Galloway, Ross},
file = {::},
keywords = {clickers,curriculum reform,peer instruction,physics},
title = {{The inverted classroom in a large enrolment introductory physics course : a case study .}}
}
@misc{Mahavier2006,
author = {Mahavier, W. Ted and May, E. Lee and Parker, G. Edgar},
booktitle = {Legacy},
title = {{A Quick-Start Guide to the Moore Method}},
year = {2006}
}
@article{Schoenfeld1988,
author = {Schoenfeld, Alan H},
journal = {Educational Psychologist},
number = {2},
title = {{When Good Teaching Lead to Bad Results: The Disasters of "Well Taught" Mathematics Courses}},
volume = {23},
year = {1988}
}
@unpublished{Framework2007,
author = {Jooganah, K},
file = {:Users/Work\_Imac/Dropbox/Literature/Jooganah - 2007 - Proof as a threshold concept for university mathematics an exploration of student identity and transition.pdf:pdf},
pages = {1--3},
title = {{Proof as a threshold concept for university mathematics : an exploration of student identity and transition}},
year = {2007}
}
@techreport{Meyer2003,
author = {Meyer, Jan and Land, Ray},
file = {:Users/Work\_Imac/Dropbox/Literature/Meyer, Land - 2003 - Threshold Concepts and Troublesome Knowledge Practising within the Disciplines.pdf:pdf},
title = {{Threshold Concepts and Troublesome Knowledge : Practising within the Disciplines}},
year = {2003}
}
